@inproceedings{aotani15,
 author = {Aotani, T. and Kamina, T. and Masuhara, H.},
 title = {Type-Safe Layer-Introduced Base Functions with Imperative Layer Activation},
 booktitle = {Proc. of the 7th  Workshop on Context-Oriented Programming},
 series = {COP'15},
 year = {2015},
 isbn = {978-1-4503-3654-3},
 location = {Prague, Czech Republic},
 pages = {8:1--8:7},
 publisher = {ACM}} 

@article{apel14,
  author =	{Apel, S. and Atlee, J. M. and Baresi, L. and Zave, P.},
  journal =	{Dagstuhl Reports},	
  pages =	{1--24},  
  title =	{{Feature Interactions: The Next Generation (Dagstuhl Seminar 14281)}},
  volume =	{4},
  publisher = {Schloss Dagstuhl--Leibniz-Zentrum fuer Informatik},
  year = {2014}}

@inproceedings{arcani15,
	Author = {Arcaini, P. and Riccobene, E. and Scandurra, P.},
	Booktitle = {Symp on Software Engineering for Adaptive and Self-Managing Systems},
	Month = {May},
	Pages = {13-23},
	Publisher = {IEEE/ACM},
	Series = {SEAMS'15},
	Title = {Modeling and Analyzing {MAPE-K} Feedback Loops for Self-Adaptation},
	Year = {2015}}

@inproceedings{bainomugisha09,
	author = {Bainomugisha, E. and De Meuter, W. and D'Hondt, T.},
	booktitle = {Proc. ofWorkshop on Context-Oriented Programming},
	month = {July},
	series = {COP'09},
    pages = {8:1--8:4},
	publisher = {ACM},
	isbn = {978-1-60558-538-3},
	title = {Towards Context-Aware Propagators: Language Constructs for Context-Aware Adaptation Dependencies},
	year = {2009}}

@inproceedings{bainomugisha12onward,
	author = {Bainomugisha, E. and Vallejos, J. and De Roover, C. and Lombide Carreton, A. and De Meuter, W.},
	booktitle = {Proc. of the ACM  Symp on New Ideas and Reflections on Software},
	isbn = {978-1-4503-1562-3},
	month = {October},
	pages = {67--84},
	publisher = {ACM},
	series = {OnWard'12},
	title = {Interruptible Context-dependent Executions: A Fresh Look at Programming Context-aware Applications},
	year = {2012}}

@inproceedings{basile15,
 author = {Basile, D. and Galletta, L. and Mezzetti, G.},
 title = {Safe Adaptation Through Implicit Effect Coercion},
 booktitle = {Essays Dedicated to Pier Paolo Degano on Programming Languages with Applications to Biology and Security},
 year = {2015},
 isbn = {978-3-319-25526-2},
 pages = {122--141},
 numpages = {20},
 publisher = {Springer-Verlag}}

@inproceedings{bencomo12,
	author = {Welsh, K. and Bencomo, N. and Sawyer, P. and Whittle, J.},
	booktitle = {Conf. on Engineering of Complex Computer Systems},
	month = {July},
	pages = {157-166},
	series = {ICECCS'12},
	title = {Self-Explanation in Adaptive Systems},
	year = {2012}}

@inproceedings{bencomo13,
	author = {Bencomo, N. and Belaggoun, A. and Issarny, V.},
	booktitle = {Proc. of the  Symp on Software Engineering for Adaptive and Self-Managing Systems},
	isbn = {978-1-4673-4401-2},
	pages = {113--122},
	publisher = {IEEE},
	series = {SEAMS'13},
	title = {Dynamic Decision Networks for Decision-making in Self-adaptive Systems: A Case Study},
	year = {2013}}

@inproceedings{byun01,
	Author = {Byun, H. Eon and Cheverst, K.},
	Booktitle = {Workshop on User Modeling for Context-Aware Applications},
	series = {UM2001},
	Title = {Exploiting user models and context-awaR.ss to support personal daily activities},
	Year = {2001}}

@article{calder03,
	author = {Calder, M. and Kolberg, M. and Magill, E. H. and Reiff-Marganiec, S.},
	journal = {Computer Networks},
	Pages = {115--141},
	title = {Feature Interaction: A Critical Review and Considered Forecast},
	volume = {41},
	publisher = {Elsevier},
	year = {2003}}

@inproceedings{camara15seams,
	author = {C{\'a}mara, J. and Moreno, G. A. and Garlan, D.},
	booktitle = {Symp on Software Engineering for Adaptive and Self-Managing Systems},
	month = {May},
	pages = {146-156},
	series = {SEAMS'15},
	title = {Reasoning about Human Participation in Self-Adaptive Systems},
	year = {2015}}

@inproceedings{cardozo+11ctxact,
	author = {Cardozo, N. and Gonz\'alez, S. and Mens, K. and D'Hondt, T.},
	booktitle = { Workshop on Context-Oriented Programming},
	month = {July},
	number = {2},
	pages = {1 -- 6},
	publisher = {ACM},
	series = {COP'11},
	title = {Safer Context (de)Activation: Through the Prompt-Loyal Strategy},
	Year = {2011}}

@inproceedings{cardozo+12copn,
	author = {Cardozo, N. and Vallejos, J. and Gonz\'{a}lez, S. and Mens, K. and D'Hondt, T.},
	booktitle = { Workshop on Petri Nets and Software Engineering},
	month = {June},
	pages = {156 -- 170},
	publisher = {CEUR Workshop Proceedings},
	series = {PNSE'12},
	title = {Context {P}etri {N}ets: Enabling Consistent Composition of Context-Dependent Behavior},
	volume = {851},
	year = {2012}}

@phdthesis{Cardozo2013,
  author = {Cardozo, N.},
  title = {Identification and Management of Inconsistencies in Dynamically Adaptive Software Systems},
  school = {Universit\'e catholique de Louvain and Vrije Universiteit Brussel, Belgium},
  year         = 2013,
  month        = 6,
  }

@inproceedings{cardozo14vamos,
	author = {Cardozo, N. and Mens, K. and Gonz\'alez, S. and Orban, P-Y. and De Meuter, W.},
	booktitle = {Proc. of the Workshop on Variability Modelling of Software-intensive Systems},
	isbn = {978-1-4503-2556-1/14/01},
	month = {January},
	number = {18},
	pages = {18:1--18:8},
	publisher = {ACM},
	series = {VaMoS'14},
	title = {Features on Demand},
	year = {2014}}

@article{Cardozo2015,
	title = "Semantics for consistent activation in context-oriented systems ",
	journal = "Information and Software Technology ",
	publisher = {Elsevier},
	volume = "58",
	pages = "71 - 94",
	year = "2015",
	issn = "0950-5849",
	author = "Cardozo, N. and Gonz\'alez, S. and Mens, K. and {Van Der Straeten}, R. and Vallejos, J. and D'Hondt, T."
}

@incollection{CardozoEtAl2017,
  author      = "Cardozo, N. and Mens, K. and Clarke, S.",
  title       = "Models for the Consistent Interaction of Adaptations in Self-Adaptive Systems",
  booktitle   = "Software Engineering for Self-Adaptive Systems: Assurances",
  publisher = {Springer-Verlag},
  series = "LNCS",
  volume = {9640},
  year        = 2017,
  note = "To be published"}

@inproceedings{clarke+09proceed,
	Author = {Clarke, D. and Costanza, P. and Tanter, Ã‰.},
	Booktitle = { Workshop on Context-Oriented Programming},
	Month = {July},
	Pages = {1--6},
	Publisher = {ACM},
	Series = {COP'09},
	Title = {How should context-escaping closures proceed},
	Year = {2009}}

@inproceedings{desmet07iccss,
	Author = {Desmet, B. and Vanhaesebrouck, K. and Vallejos, J. and Costanza, P. and De Meuter, W.},
	Booktitle = {Conf. of the Chilean Computer Science Society},
	Pages = {23 -- 29},
	Publisher = {IEEE},
	Title = {The {P}uzzle Approach for designing Context-Enabled Applications},
	Year = {2007}}

@article{dey01,
	Author = {Dey, Anind K.},
	Journal = {Personal Ubiquitous Computing},
	Month = jan,
	Number = {1},
	Pages = {4--7},
	Title = {Understanding and Using Context},
	Volume = {5},
	Year = {2001}}

@inproceedings{dourish92,
	 author = {Dourish, Paul and Bellotti, Victoria},
	 title = {Awareness and Coordination in Shared Workspaces},
	 booktitle = {Proceedings of the 1992 ACM Conference on Computer-supported Cooperative Work},
	 series = {CSCW '92},
	 year = {1992},
	 isbn = {0-89791-542-9},
	 location = {Toronto, Ontario, Canada},
	 pages = {107--114},
	 numpages = {8},
	 url = {http://doi.acm.org/10.1145/143457.143468},
	 doi = {10.1145/143457.143468},
	 publisher = {ACM},
	 address = {New York, NY, USA}}

@INPROCEEDINGS{estler14, 
	author={H. C. Estler and M. Nordio and C. A. Furia and B. Meyer}, 
	booktitle={2014 IEEE 9th International Conference on Global Software Engineering}, 
	title={Awareness and Merge Conflicts in Distributed Software Development}, 
	year={2014}, 
	volume={}, 
	number={}, 
	pages={26-35}, 
	doi={10.1109/ICGSE.2014.17}, 
	ISSN={2329-6305}, 
	month={Aug}}
		
@article{ghosh07,
	Author = {Ghosh, D. and Sharman, R. and Rao, H. R. and Upadhyaya, S.},
	Journal = {Decision Support Systems},
	publisher = {Elsevier},
	Number = {4},
	Pages = {2164 - 2185},
	Title = {Self-healing systems --- survey and synthesis},
	Volume = {42},
	Year = {2007}}

@article{gonzalez+08amos,
	Author = {Gonz\'{a}lez, S. and Mens, K. and C\'{a}diz, A.},
	Journal = {Jour. of Universal Computer Science},
	Number = {20},
	Pages = {3307--3332},
	Title = {Context-Oriented Programming with the {A}mbient {O}bject {S}ystem},
	Volume = {14},
	Year = {2008}}

@inproceedings{gonzalez+09transctx,
	Author = {Gonz\'{a}lez, S. and Denker, M. and Mens, K.},
	Booktitle = {Workshop on Context-Oriented Programming},
	Month = {July},
	Publisher = {ACM},
	Series = {COP'09},
	Title = {Transactional Contexts harnessing the Power of Context-Oriented Reflection},
	Year = {2009}}

@inproceedings{gonzalez+10subc,
	Author = {Gonz\'{a}lez, S. and Cardozo, N. and Mens, K. and C\'{a}diz, A. and Librecht, J-C. and Goffaux, J.},
	Booktitle = {Proc. of the  Conf. on Software Language Engineering},
	Month = {June},
	Pages = {246 -- 265},
	Publisher = {Springer},
	Series = {LNCS},
	Title = {{S}ubjective-{C}: Bringing Context to Mobile Platform Programming},
	Volume = {6563},
	Year = {2010}}

@inproceedings{gonzalez13,
	author = {Gonz\'{a}lez, S. and Mens, K. and Colacioiu, M. and Cazzola, W.},
	title = {{C}ontext {T}raits: Dynamic Behaviour Adaptation Through Run-time Trait Recomposition},
	booktitle = {Proc. of the Conf. on Aspect-oriented Software Development},
	series = {AOSD'13},
	year = {2013},
	isbn = {978-1-4503-1766-5},
	pages = {209--220},
	publisher = {ACM}}
	
@inproceedings{iftikhar14,
	Address = {New York, NY, USA},
	Author = {Iftikhar, M. Usman and Weyns, Danny},
	Booktitle = {Proc. of the Symp on Software Engineering for Adaptive and Self-Managing Systems},
	Isbn = {978-1-4503-2864-7},
	Pages = {125--134},
	Publisher = {ACM},
	Series = {SEAMS'14},
	Title = {{A}ctiv{FORMS}: Active Formal Models for Self-adaptation},
	Year = {2014}}

@inproceedings{inoue14,
	Author = {Inoue, H. and Igarashi, A. and Appeltauer, M. and Hirschfeld, R.},
	Booktitle = {Proc. of the Workshop on Context-Oriented Programming},
	Isbn = {978-1-4503-2861-6},
	Pages = {7:1--7:6},
	Publisher = {ACM},
	Series = {COP'14},
	Title = {Towards Type-Safe {J}{C}op: A Type System for Layer Inheritance and First-class Layers},
	Year = {2014}}
		
@inproceedings{kamina09,
	Author = {Kamina, T. and Tamai, T.},
	Booktitle = {Workshop on Context-Oriented Programming},
	Isbn = {978-1-60558-538-3/09/07},
	Month = {July},
	Publisher = {ACM},
	Series = {COP'09},
	Title = {Towards Safe and Flexible Object Adaptation},
	Year = {2009}}

@inproceedings{kamina+11aosd,
	Author = {Kamina, T. and Aotani, T. and Masuhara, H.},
	Booktitle = {Conf. on Aspect Oriented Software Development},
	Month = {March},
	Pages = {253--264},
	Publisher = {ACM},
	Series = {AOSD'11},
	Title = {Event{C}{J} A Context-Oriented Programming Language with Declarative Event-based Context Transition},
	Year = {2011}}

@article{lehman02,
	Author = {Lehman, Meir M. and Ramil, Juan F.},
	Journal = {Annals of Software Engineering},
	Pages = {275--309},
	Title = {Software Evolution and Software Evolution Processes},
	Volume = {14},
	Year = {2002}}
	
@ARTICLE{lienhard12, 
	author={A. Lienhard and T. Girba and O. Nierstrasz}, 
	journal={IEEE Transactions on Software Engineering}, 
	title={Specifying Dynamic Analyses by Extending Language Semantics}, 
	year={2012}, 
	volume={38}, 
	number={3}, 
	pages={694-706},
	doi={10.1109/TSE.2011.38}, 
	ISSN={0098-5589}, 
	month={May}}
	
@article{liu09,
	Author = {Liu, Y. and Meier, R.},
	Isbn = {978-0-7695-3584-5},
	journal = {Conf. on Autonomic and Autonomous Systems},
	Pages = {346-350},
	Title = {Resource-Aware Contracts for Addressing Feature Interaction in Dynamic Adaptive Systems},
	Volume = {0},
	Year = {2009}}

@ARTICLE{niu14, 
	author={N. Niu and J. Savolainen and Z. Niu and M. Jin and J. R. C. Cheng}, 
	journal={IEEE Systems Journal}, 
	title={A Systems Approach to Product Line Requirements Reuse}, 
	year={2014}, 
	volume={8}, 
	number={3}, 
	pages={827-836},
	doi={10.1109/JSYST.2013.2260092}, 
	ISSN={1932-8184}, 
	month={Sept}}
	
@inproceedings{mongiello15,
	Author = {Mongiello, M. and Pelliccione, P. and Sciancalepore, M.},
	Booktitle = {Symp. on Software Engineering for Adaptive and Self-Managing Systems},
	Month = {May},
	Pages = {24-34},
	Series = {SEAMS'15},
	Title = {{A}{C}-{C}ontract: Run-Time Verification of Context-Aware Applications},
	Year = {2015}}

@inproceedings{nguonly16cop,
	Author = {Taing, N. and Wutzler, M. and Springer, T. and Cardozo, N. and Schill, A.},
	Booktitle = {Workshop on Context-Oriented Programming},
	Month = {July},
	Pages = {1--6},
	Publisher = {ACM},
	Series = {COP'16},
	Title = {Consistent Unanticipated Adaptation for Context-Dependent Applications},
	Year = {2016}}

 @inproceedings{park2005dynamic,
	author={Park, I and Lee, D. and Hyun, S. J.},
	booktitle={29th Annual International Computer Software and Applications Conference (COMPSAC'05)},
	month={July},
	pages={359-364 Vol. 2},
	title={A dynamic context-conflict management scheme for group-aware ubiquitous computing environments},
	year={2005},
}

@book{pohl05,
	Author = {Klaus Pohl and G\"unter B\"ockle and Frank van der Linden},
	Editor = {1},
	Isbn = {978-3-540-24372-4},
	Publisher = {Springer-Verlag Berlin Heidelberg},
	Title = {Software Product Line Engineering: Foundations, Principles and Techniques},
	Year = {2005}}

@article{psaier10,
	Author = {Psaier, H. and Dustdar, S.},
	journal = {Computing},
	publisher = {Springer-Verlag},
	Month = {January},
	Number = {1},
	Pages = {43--73},
	Title = {A survey on self-healing systems: approaches and systems},
	Volume = {91},
	Year = {2011}}

@inproceedings{sanen2006classifying,
	Author = {Sanen, F. and Truyen, E. and Joosen, W. and Jackson, A. and Nedos, A. and Clarke, S. and Loughran, N. and Rashid, A.},
	Booktitle = {Proc. of the AOSD workshop on aspects, components, and patterns for infrastructure software},
	Pages = {23--26},
	Publisher = {University of Virginia Computer Science},
	Series = {Technical Report CS--2006--01},
	Title = {Classifying and documenting aspect interactions},
	Year = {2006}}

@article{sartorio09,
	Author = {Sartorio, A. and Cristi{\'a}, M.},
	journal = {{CLEI} electronic Jour.},
	Number = {1},
	Title = {First Approximation to {DHD} Design and Implementation},
	Volume = {12},
	Year = {2009}}

@INPROCEEDINGS{schwagerl15, 
	author={F. SchwÃ¤gerl and T. Buchmann and B. Westfechtel}, 
	booktitle={International Joint Conference on Software Technologies}, 
	title={SuperMod: A model-driven tool that combines version control and software product line engineering}, 
	year={2015}, 
	series = {ICSOFT'15}
	volume={2}, 
	number={}, 
	pages={1-14},
	month={July}}
	
@inproceedings{schreiber14,
	Author = {Schreiber, F. and Panigati, E.},
	Booktitle = {Italian Symposyum on Advanced Database Systems},
	Location = {Sorreto, Italy},
	Pages = {175--184},
	Series = {SEBD'14},
	Title = {Context-Aware Software Approaches: a Comparison and an Integration Proposal},
	Year = {2014}}
	
@article{spinellis05, 
	author={Diomidis Spinellis}, 
	journal={IEEE Software}, 
	title={Version control systems}, 
	year={2005}, 
	volume={22}, 
	number={5}, 
	pages={108-109}, 
	doi={10.1109/MS.2005.140}, 
	ISSN={0740-7459}, 
	month={Sept}}
	
@inproceedings{uchio11,
	Author = {Uchio, S. and Ubayashi, N. and Kamei, Y.},
	Booktitle = {Workshop on Context-Oriented Programming},
	Isbn = {978-1-4503-0891-5},
	Pages = {7:1--7:6},
	Publisher = {ACM},
	Series = {COP '11},
	Title = {{C}{J}{A}dviser: {SMT}-based Debugging Support for {C}ontext{J}},
	Year = {2011}}
