@INPROCEEDINGS{7774538, 
author={S. Just and K. Herzig and J. Czerwonka and B. Murphy}, 
booktitle={2016 IEEE 27th International Symposium on Software Reliability Engineering (ISSRE)}, 
title={Switching to Git: The Good, the Bad, and the Ugly}, 
year={2016}, 
volume={}, 
number={}, 
pages={400-411}, 
keywords={data mining;GIT;VCS;audit code;data analytics procedures;data development process analytics;data loss;data mining;privacy functionality;security functionality;user behavior;version control systems;Data analysis;Data mining;History;Process control;Software;Switches;mining software repositories;process analysis;version control systems}, 
doi={10.1109/ISSRE.2016.38}, 
ISSN={}, 
month={Oct},}

@INPROCEEDINGS{6337319, 
author={I. H. d. F. Junior and L. Duarte and J. P. N. d. Oliveira and A. R. N. Dantas and J. F. Barbosa and H. P. d. Moura}, 
booktitle={2012 IEEE Seventh International Conference on Global Software Engineering Workshops}, 
title={Motivational Factors for Distributed Software Development Teams}, 
year={2012}, 
volume={}, 
number={}, 
pages={49-54}, 
keywords={human factors;personnel;software development management;team working;Herzberg motivational theory;Maslow motivational theory;distributed software development team;motivational factor;team motivation technique;Companies;Conferences;Context;Cultural differences;Humans;Productivity;Software;distributed software development;literature review;motivational factors}, 
doi={10.1109/ICGSEW.2012.17}, 
ISSN={2329-6305}, 
month={Aug},}

@INPROCEEDINGS{6915251, 
author={H. C. Estler and M. Nordio and C. A. Furia and B. Meyer}, 
booktitle={2014 IEEE 9th International Conference on Global Software Engineering}, 
title={Awareness and Merge Conflicts in Distributed Software Development}, 
year={2014}, 
volume={}, 
number={}, 
pages={26-35}, 
keywords={software development management;awareness information;collaborative software development;consistent shared code base;globally distributed software development;project punctuality;remote team members;team awareness;update-modify-commit cycles;Collaboration;Educational institutions;Games;Programming;Real-time systems;Software;Software engineering;Awareness;Distributed software development;Empirical study;Merge Conflicts}, 
doi={10.1109/ICGSE.2014.17}, 
ISSN={2329-6305}, 
month={Aug},}

@inproceedings{Dourish:1992:ACS:143457.143468,
 author = {Dourish, Paul and Bellotti, Victoria},
 title = {Awareness and Coordination in Shared Workspaces},
 booktitle = {Proceedings of the 1992 ACM Conference on Computer-supported Cooperative Work},
 series = {CSCW '92},
 year = {1992},
 isbn = {0-89791-542-9},
 location = {Toronto, Ontario, Canada},
 pages = {107--114},
 numpages = {8},
 url = {http://doi.acm.org/10.1145/143457.143468},
 doi = {10.1145/143457.143468},
 acmid = {143468},
 publisher = {ACM},
 address = {New York, NY, USA},
 keywords = {awareness, coordination, information sharing, shared feedback, shared workspaces},
}

@book{Pohl:2005:SPL:1095605,
 author = {Pohl, Klaus and B\"{o}ckle, G\"{u}nter and Linden, Frank J. van der},
 title = {Software Product Line Engineering: Foundations, Principles and Techniques},
 year = {2005},
 isbn = {3540243720},
 publisher = {Springer-Verlag New York, Inc.},
 address = {Secaucus, NJ, USA},
}

@ARTICLE{6545326, 
author={N. Niu and J. Savolainen and Z. Niu and M. Jin and J. R. C. Cheng}, 
journal={IEEE Systems Journal}, 
title={A Systems Approach to Product Line Requirements Reuse}, 
year={2014}, 
volume={8}, 
number={3}, 
pages={827-836}, 
keywords={formal specification;software product lines;software quality;effectiveness quantification;extraction constructs;extraction overhead quantification;functional requirements profile extraction;order-of-magnitude saving;orthogonal variability modeling;positive adoption rate;product line asset base;product line engineering;product line requirement reuse;reuse effectiveness enhancement;semantic case analysis;software reuse;system-oriented approach;variation constraints;variation structure;Product line engineering;requirements engineering;reuse in systems engineering;software reuse}, 
doi={10.1109/JSYST.2013.2260092}, 
ISSN={1932-8184}, 
month={Sept},}

@INPROCEEDINGS{7522033, 
author={F. Schw√§gerl and T. Buchmann and B. Westfechtel}, 
booktitle={2015 10th International Joint Conference on Software Technologies (ICSOFT)}, 
title={SuperMod #x2014; A model-driven tool that combines version control and software product line engineering}, 
year={2015}, 
volume={2}, 
number={}, 
pages={1-14}, 
keywords={configuration management;formal specification;software development management;software product lines;software tools;EMF model;SPLE;SuperMod;feature configuration;feature model;iterative VC editing model;logical variability;model-driven tool;single-version workspace;software artifact;software engineering discipline;software product line engineering;space variability management;time variability management;version control;Aerospace electronics;Computational modeling;Computer bugs;Software;Software product lines;Unified modeling language;Model-Driven Software Engineering;Software Configuration Management;Software Product Lines;Tool Support;Version Control;Version Models}, 
doi={}, 
ISSN={}, 
month={July},}

@INPROCEEDINGS{ghorashi, 
author={S. Ghorashi and C. Jensen}, 
booktitle={2016 IEEE/ACM Cooperative and Human Aspects of Software Engineering (CHASE)}, 
title={Jimbo: A Collaborative IDE with Live Preview}, 
year={2016}, 
volume={}, 
number={}, 
pages={104-107}, 
keywords={computer aided instruction;computer science education;educational courses;groupware;software engineering;CS education;Jimbo;MOOC;collaborative IDE;collaborative activity;collaborative integrated development environment;designer-developer collaboration;massive open online courses;online classes;remote pair programming;software engineering;structured seminars;team collaboration;user experience;Collaboration;Education;Encoding;Programming profession;Software;Software engineering;IDE;Jimbo;collaboration;collaborative learning;communication;designer-developer collaboration;distance learning;live preview;pair programming;user awareness;web development}, 
doi={10.1109/CHASE.2016.029}, 
ISSN={}, 
month={May},}

@electronic{threatstoval,
  author={Ohlund and C.-h. Yu}, 
  title = {Threats to validity of Research Design},
  url  = {http://web.pdx.edu/~stipakb/download/PA555/ResearchDesign.html},
  urldate = {27.05.2017},}